@inproceedings{pereira2010social,
  title={Social software building blocks: Revisiting the honeycomb framework},
  author={Pereira, Roberto and Baranauskas, M Cecilia C and da Silva, Sergio Roberto P},
  booktitle={Information Society (i-Society), 2010 International Conference on},
  pages={253--258},
  year={2010},
  organization={IEEE}
}

@article{vavilis2014reference,
  title={A reference model for reputation systems},
  author={Vavilis, Sokratis and Petkovi{\'c}, Milan and Zannone, Nicola},
  journal={Decision Support Systems},
  volume={61},
  pages={147--154},
  year={2014},
  publisher={Elsevier}
}

@article{golder2006usage,
  title={Usage patterns of collaborative tagging systems},
  author={Golder, Scott A and Huberman, Bernardo A},
  journal={Journal of information science},
  volume={32},
  number={2},
  pages={198--208},
  year={2006},
  publisher={Sage Publications}
}

@article{hovy2013collaboratively,
  title={Collaboratively built semi-structured content and Artificial Intelligence: The story so far},
  author={Hovy, Eduard and Navigli, Roberto and Ponzetto, Simone Paolo},
  journal={Artificial Intelligence},
  volume={194},
  pages={2--27},
  year={2013},
  publisher={Elsevier}
}

@article{oduor2014persuasive,
  title={Persuasive software design patterns for social influence},
  author={Oduor, Michael and Alah{\"a}iv{\"a}l{\"a}, Tuomas and Oinas-Kukkonen, Harri},
  journal={Personal and Ubiquitous Computing},
  volume={18},
  number={7},
  pages={1689--1704},
  year={2014},
  publisher={Springer-Verlag}
}

@article{liu2012systematic,
  title={Systematic analysis of centralized online reputation systems},
  author={Liu, Ling and Munro, Malcolm},
  journal={Decision support systems},
  volume={52},
  number={2},
  pages={438--449},
  year={2012},
  publisher={Elsevier}
}

@article{liu2010evaluation,
  title={Evaluation of collecting reviews in centralized online reputation systems.},
  author={Liu, Ling and Munro, Malcolm and Song, William},
  year={2010},
  publisher={DU}
}

@inproceedings{dencheva2011dynamic,
  title={Dynamic self-moderation in a corporate wiki to improve participation and contribution quality},
  author={Dencheva, Silviya and Prause, Christian R and Prinz, Wolfgang},
  booktitle={ECSCW 2011: Proceedings of the 12th European Conference on Computer Supported Cooperative Work, 24-28 September 2011, Aarhus Denmark},
  pages={1--20},
  year={2011},
  organization={Springer}
}

@inproceedings{prause2008approach,
  title={An approach for continuous inspection of source code},
  author={Prause, Christian R and Apelt, Stefan},
  booktitle={Proceedings of the 6th international workshop on Software quality},
  pages={17--22},
  year={2008},
  organization={ACM}
}

@article{forestier2012roles,
  title={Roles in social networks: Methodologies and research issues},
  author={Forestier, Mathilde and Stavrianou, Anna and Velcin, Julien and Zighed, Djamel A},
  journal={Web Intelligence and Agent Systems},
  volume={10},
  number={1},
  pages={117--133},
  year={2012},
  publisher={IOS Press}
}

@article{nadel1957theory,
  title={The theory of social structure.},
  author={Nadel, SF},
  year={1957},
  publisher={London:. Cohen \& West,}
}

@inproceedings{zhang2007expertise,
  title={Expertise networks in online communities: structure and algorithms},
  author={Zhang, Jun and Ackerman, Mark S and Adamic, Lada},
  booktitle={Proceedings of the 16th international conference on World Wide Web},
  pages={221--230},
  year={2007},
  organization={ACM}
}

@inproceedings{agarwal2008identifying,
  title={Identifying the influential bloggers in a community},
  author={Agarwal, Nitin and Liu, Huan and Tang, Lei and Yu, Philip S},
  booktitle={Proceedings of the 2008 International Conference on Web Search and Data Mining},
  pages={207--218},
  year={2008},
  organization={ACM}
}

@article{borgatti1992notions,
  title={Notions of position in social network analysis},
  author={Borgatti, Stephen P and Everett, Martin G},
  journal={Sociological methodology},
  volume={22},
  number={1},
  pages={1--35},
  year={1992}
}

@article{borgatti1993two,
  title={Two algorithms for computing regular equivalence},
  author={Borgatti, Stephen P and Everett, Martin G},
  journal={Social Networks},
  volume={15},
  number={4},
  pages={361--376},
  year={1993},
  publisher={Elsevier}
}

@article{breiger1975algorithm,
  title={An algorithm for clustering relational data with applications to social network analysis and comparison with multidimensional scaling},
  author={Breiger, Ronald L and Boorman, Scott A and Arabie, Phipps},
  journal={Journal of Mathematical Psychology},
  volume={12},
  number={3},
  pages={328--383},
  year={1975},
  publisher={Elsevier}
}

@inproceedings{steyvers2004probabilistic,
  title={Probabilistic author-topic models for information discovery},
  author={Steyvers, Mark and Smyth, Padhraic and Rosen-Zvi, Michal and Griffiths, Thomas},
  booktitle={Proceedings of the tenth ACM SIGKDD international conference on Knowledge discovery and data mining},
  pages={306--315},
  year={2004},
  organization={ACM}
}

@article{mccallum2007topic,
  title={Topic and role discovery in social networks with experiments on enron and academic email.},
  author={McCallum, Andrew and Wang, Xuerui and Corrada-Emmanuel, Andr{\'e}s},
  journal={J. Artif. Intell. Res.(JAIR)},
  volume={30},
  pages={249--272},
  year={2007}
}

@incollection{daud2009generalized,
  title={A generalized topic modeling approach for maven search},
  author={Daud, Ali and Li, Juanzi and Zhou, Lizhu and Muhammad, Faqir},
  booktitle={Advances in Data and Web Management},
  pages={138--149},
  year={2009},
  publisher={Springer}
}

@article{wong2012ontology,
  title={Ontology learning from text: A look back and into the future},
  author={Wong, Wilson and Liu, Wei and Bennamoun, Mohammed},
  journal={ACM Computing Surveys (CSUR)},
  volume={44},
  number={4},
  pages={20},
  year={2012},
  publisher={ACM}
}

@article{gruber1993translation,
  title={A translation approach to portable ontology specifications},
  author={Gruber, Thomas R},
  journal={Knowledge acquisition},
  volume={5},
  number={2},
  pages={199--220},
  year={1993},
  publisher={Elsevier}
}

@inproceedings{tang2009towards,
  title={Towards Ontology Learning from Folksonomies.},
  author={Tang, Jie and Leung, Ho-fung and Luo, Qiong and Chen, Dewei and Gong, Jibin},
  booktitle={IJCAI},
  volume={9},
  pages={2089--2094},
  year={2009}
}

@article{kotis2011automated,
  title={Automated learning of social ontologies},
  author={Kotis, Konstantinos and Papasalouros, Andreas},
  journal={Ontology Learning and Knowledge Discovery Using the Web: Challenges and Recent Advances},
  year={2011},
  publisher={IGI Global, Hershey, PA}
}

@article{mika2007ontologies,
  title={Ontologies are us: A unified model of social networks and semantics},
  author={Mika, Peter},
  journal={Web Semantics: Science, Services and Agents on the World Wide Web},
  volume={5},
  number={1},
  pages={5--15},
  year={2007},
  publisher={Elsevier}
}

@inproceedings{weichselbraun2010augmenting,
  title={Augmenting lightweight domain ontologies with social evidence sources},
  author={Weichselbraun, Albert and Wohlgenannt, Gerhard and Scharl, Arno},
  booktitle={Database and Expert Systems Applications (DEXA), 2010 Workshop on},
  pages={193--197},
  year={2010},
  organization={IEEE}
}

@incollection{shirky2005group,
  title={A group is its own worst enemy},
  author={Shirky, Clay},
  booktitle={The Best Software Writing I},
  pages={183--209},
  year={2005},
  publisher={Springer}
}

@article{klamma2007social,
  title={Social software for life-long learning},
  author={Klamma, Ralf and Chatti, Mohamed Amine and Duval, Erik and Hummel, Hans and Hvannberg, Ebba Thora and Kravcik, Milos and Law, Effie and Naeve, Ambj{\"o}rn and Scott, Peter},
  year={2007}
}

@incollection{kolko2007mobile,
  title={Mobile social software for the developing world},
  author={Kolko, Beth E and Johnson, Erica and Rose, Emma},
  booktitle={Online Communities and Social Computing},
  pages={385--394},
  year={2007},
  publisher={Springer}
}

@misc{wiley2008tagging,
  title={Tagging: People-powered metadata for the social web},
  author={Wiley, Deborah Lynne},
  year={2008},
  publisher={ONLINE INC 213 DANBURY RD, WILTON, CT 06897-4007 USA}
}

@article{chatti2007future,
  title={The future of e-learning: a shift to knowledge networking and social software},
  author={Chatti, Mohamed Amine and Jarke, Matthias and Frosch-Wilke, Dirk},
  journal={International journal of knowledge and learning},
  volume={3},
  number={4},
  pages={404--420},
  year={2007},
  publisher={Inderscience}
}

@article{smith2007social,
  title={Social software building blocks},
  author={Smith, Gene},
  journal={Retrieved November},
  volume={5},
  pages={2010},
  year={2007}
}

@article{fogg2002persuasive,
  title={Persuasive technology: using computers to change what we think and do},
  author={Fogg, Brian J},
  journal={Ubiquity},
  volume={2002},
  number={December},
  pages={5},
  year={2002},
  publisher={ACM}
}


@article{oinas2009persuasive,
  title={Persuasive systems design: Key issues, process model, and system features},
  author={Oinas-Kukkonen, Harri and Harjumaa, Marja},
  journal={Communications of the Association for Information Systems},
  volume={24},
  number={1},
  pages={28},
  year={2009}
}


@inproceedings{oinas2008towards,
  title={Towards deeper understanding of persuasion in software and information systems},
  author={Oinas-Kukkonen, Harri and Harjumaa, Marja},
  booktitle={Advances in Computer-Human Interaction, 2008 First International Conference on},
  pages={200--205},
  year={2008},
  organization={IEEE}
}


@article{mavrodiev2013quantifying,
  title={Quantifying the effects of social influence},
  author={Mavrodiev, Pavlin and Tessone, Claudio J and Schweitzer, Frank},
  journal={Scientific reports},
  volume={3},
  year={2013},
  publisher={Nature Publishing Group}
}


@article{guadagno2010preference,
  title={Preference for consistency and social influence: A review of current research findings},
  author={Guadagno, Rosanna E and Cialdini, Robert B},
  journal={Social Influence},
  volume={5},
  number={3},
  pages={152--163},
  year={2010},
  publisher={Taylor \& Francis}
}


@article{bandura1977social,
  title={Social learning theory},
  author={Bandura, Albert and McClelland, David C},
  year={1977},
  publisher={Prentice-Hall Englewood Cliffs, NJ}
}


@book{zajonc1965social,
  title={Social facilitation},
  author={Zajonc, Robert Boleslaw and others},
  year={1965},
  publisher={Research Center for Group Dynamics, Institute for Social Research, University of Michigan}
}

@article{cialdini1993influence,
  title={Influence: The psychology of persuasion},
  author={Cialdini, Robert B},
  year={1993},
  publisher={Quill New York, NY}
}

@article{malone1987making,
  title={Making learning fun: A taxonomy of intrinsic motivations for learning},
  author={Malone, Thomas W and Lepper, Mark R},
  journal={Aptitude, learning, and instruction},
  volume={3},
  number={1987},
  pages={223--253},
  year={1987}
}

@inproceedings{stibe2012exploring,
  title={Exploring the Effects of Social Influence on User Behavior Targeted to Feedback Sharing},
  author={Stibe, Agnis and Oinas-Kukkonen, Harri and White, Bebo},
  booktitle={Proceedings of the IADIS WWW/Internet Conference (ICWI), Madrid, Spain},
  year={2012}
}

@article{domingos2007toward,
  title={Toward knowledge-rich data mining},
  author={Domingos, Pedro},
  journal={Data Mining and Knowledge Discovery},
  volume={15},
  number={1},
  pages={21--28},
  year={2007},
  publisher={Springer}
}

@article{tanaka1991object,
  title={Object categories and expertise: Is the basic level in the eye of the beholder?},
  author={Tanaka, James W and Taylor, Marjorie},
  journal={Cognitive psychology},
  volume={23},
  number={3},
  pages={457--482},
  year={1991},
  publisher={Elsevier}
}

@article{coates2005two,
  title={Two cultures of fauxonomies collide},
  author={Coates, Tom},
  journal={http://www. plasticbag. org/archives/2005/06/two\_cultures\_of\_fauxonomies\_collide/. Last access: May},
  volume={8},
  pages={2008},
  year={2005}
}

@book{clements2003documenting,
  title={Documenting Software Architectures: Views and Beyond},
  author={Clements, P.},
  isbn={9780201703726},
  lccn={2002024940},
  series={SEI series in software engineering},
  url={https://books.google.pt/books?id=ASc9HYPkr4sC},
  year={2003},
  publisher={Addison-Wesley}
}

@book{bass2003software,
  title={Software Architecture in Practice},
  author={Bass, L. and Clements, P. and Kazman, R.},
  isbn={9780321154958},
  lccn={2003045300},
  series={SEI series in software engineering},
  url={https://books.google.pt/books?id=mdiIu8Kk1WMC},
  year={2003},
  publisher={Addison-Wesley}
}

@article{krasner1988description,
  title={A description of the model-view-controller user interface paradigm in the smalltalk-80 system},
  author={Krasner, Glenn E and Pope, Stephen T and others},
  journal={Journal of object oriented programming},
  volume={1},
  number={3},
  pages={26--49},
  year={1988}
}

@misc{reenskaug2009dci,
  title={The DCI Architecture: A New Vision of Object-Oriented Programming. Artima Developer},
  author={Reenskaug, T and Coplien, J},
  year={2009}
}
